%% LaTeX2e file `bib.bib'
%% generated by the `filecontents' environment
%% from source `seminar' on 2021/06/17.
%%
@ARTICLE{fspresult_fitting,
    author={Riss D. and Hamzavi J.S. and Selberherr A. and Kaider A. and Blineder M. and Starlinger V. and Gstoettner W. and Arnoldner C.},
    journal={Otology \& Neurotology},
    title={Envelope versus fine structure speech coding strategy: a crossover study},
    year={2011},
    volume={32},
    number={7},
    pages={1094-1101},
    doi={10.1097/MAO.0b013e31822a97f4},
    month={September},
}

