        @article{Laria2019a,
            author = {Laria, Juan C. and Aguilera-Morillo, M. Carmen and Lillo, Rosa E.},
            doi = {10.1080/10618600.2019.1573687},
            file = {:D$\backslash$:/Documentos{\_}2/GoogleDrive/Doctorado/Tesis/Bibliograf{\'{i}}a/Mendeley/An
            iterative sparse-group lasso{\_}Laria, Aguilera-Morillo, Lillo{\_}2019.pdf:pdf},
            journal = {Journal of Computational and Graphical Statistics},
            month = {feb},
            pages = {1--21},
            title = {{An iterative sparse-group lasso}},
            url = {https://www.tandfonline.com/doi/full/10.1080/10618600.2019.1573687},
            year = {2019}
        }
\end{enumerate}

\end{document}
